% Encoding: UTF-8

@misc{kaggle,
    author      = {Pavel Koryakin},
    title       = {Chess Positions},
    publisher   = {Kaggle},
    year        = {2018},
    url         = {https://www.kaggle.com/koryakinp/chess-positions}
}

@misc{FEN,
    author      = {Steven J. Edwards},
    title       = {Standard: Portable Game Notation Specification and Implementation Guide},
    chapter     = {16.1: FEN},
    url         = {ttp://www.saremba.de/chessgml/standards/pgn/pgn-complete.htm}
}

@article{PWork,
    author = {Stepha Dreiseitl and Lucila Ohno-Machado},
    journal = {Journal of Biomedical Informatics},
    month = {October},
    title = {Logistic regression and artificial neural network classification models: a methodology review},
    volume = {35},
    year = {2002}
}

@article{PWork2,
    author = {Vaishali Ganganwar},
    journal = {International Journal of Emerging Technology and Advanced Engineering},
    month = {April},
    title = {An overview of classification algorithms for imbalanced},
    volume = {2},
    year = {2012}
}
@article{BABoost,
    author = {Jie Song, XiaoLing Lu, Xizhi Wu},
    year = 2009,
    title = {An Improved AdaBoost Algorithm for Unbalanced Classification Data}
}
@article {ADABoost,
    author = {Yoav Freund and Robert E. Schapire},
    title = {A Decision-Theoretic Generalization of On-Line Learning and an Application to Boosting},
    year = {1996}
}
    
@article{IncrementalPCA,
    author = {David A. Ross and Jongwoo Lim and Ruei-Sung Lin and Ming-Hsuan Yang},
    title = {Incremental Learning for Robust Visual Tracking},
    journal = {International Journal of Computer Vision},
    month = {August},
    year = {2007}
}

@article{NMF,
    author = {Daniel D. Lee},
    author = {H. Sebastian Seung},
    year = 2001,
    title = {Algorithms for Non-negative Matrix FactorizationAdvances},
    journal = {Neural Information Processing Systems},
    volume = {13}
%-    Proceedings of the 2000 Conference, MIT Press, pp. 556–562
}

@article{PCA,
    author = { Karl   Pearson   F.R.S. },
    title = {LIII. On lines and planes of closest fit to systems of points in space},
    journal = {The London, Edinburgh, and Dublin Philosophical Magazine and Journal of Science},
    volume = {2},
    number = {11},
    pages = {559-572},
    year  = {1901},
    publisher = {Taylor & Francis},
    doi = {10.1080/14786440109462720},
}

@article{sigmoid,
    author = {Jun  Han and Claudio  Moraga},
    title = {The Influence of the Sigmoid Function Parameters on the Speed of Backpropagation Learning},
    year = {1995},
    isbn = {3540594973},
    publisher = {Springer-Verlag},
    address = {Berlin, Heidelberg},
    booktitle = {Proceedings of the International Workshop on Artificial Neural Networks: From Natural to Artificial Neural Computation},
    pages = {195–201},
    numpages = {7},
    series = {IWANN '96}
}

@misc{ReLU,
      title={Deep Learning using Rectified Linear Units (ReLU)}, 
      author={Abien Fred Agarap},
      year={2019},
      eprint={1803.08375},
      archivePrefix={arXiv},
      primaryClass={cs.NE}
}

@inproceedings{lReLU,
    title={Rectifier Nonlinearities Improve Neural Network Acoustic Models},
    author={Andrew L. Maas and Awni Y. Hannun and Andrew Y. Ng},
    year={2013},
    journal = {Proc. icml},
    month = {June}, 
    volume = {30}
}

@article{KNN,
    author = {Liangxiao Jiang and Zhihua Cai and Dianhong Wang and Harry Zhang },
    title = {Bayesian Citation-KNN with distance weighting},
    journal = {International Journal of Machine Learning and Cybernetics},
    volume = {5},
    year  = {2014}
}

@article{SGD,
  title={An overview of gradient descent optimization algorithms},
  author={Ruder, Sebastian},
  journal={arXiv preprint arXiv:1609.04747},
  year={2016}
}

@article{SBM-GD,
  title={An overview of gradient descent optimization algorithms},
  author={Ruder, Sebastian},
  journal={arXiv preprint arXiv:1609.04747},
  month={June},
  year={2017}
}



